@inproceedings{Bohlen1998,
address = {Orlando, Florida},
author = {B{\"{o}}hlen, Michael H and Busatto, Renato and Jensen, Christian S},
booktitle = {Proceedings of the 14th IEEE ICDE},
pages = {192--200},
title = {{Point Versus Interval-based Temporal Data Models}},
url = {http://people.cs.aau.dk/{~}csj/Thesis/pdf/chapter7.pdf},
year = {1998}
}

@incollection{Bohlen09,
  author    = {Michael H. B{\"{o}}hlen},
  title     = {Temporal Coalescing},
  booktitle = {Encyclopedia of Database Systems},
  pages     = {2932--2936},
  year      = {2009},
  url       = {http://dx.doi.org/10.1007/978-0-387-39940-9_388},
  doi       = {10.1007/978-0-387-39940-9_388},
  timestamp = {Fri, 25 Nov 2011 18:21:34 +0100},
  biburl    = {http://dblp.dagstuhl.de/rec/bib/reference/db/Bohlen09},
  bibsource = {dblp computer science bibliography, http://dblp.org}
}

@inproceedings{Dignos2012,
address = {Scottsdale, Arizona, USA},
author = {Dign{\"{o}}s, Anton and B{\"{o}}hlen, Michael H and Gamper, Johann},
booktitle = {Proceedings of SIGMOD '12},
isbn = {9781450312479},
keywords = {sequenced semantics,temporal databases},
pages = {433--444},
title = {{Temporal Alignment}},
year = {2012}
}

@article{Zaki2016,
author = {Zaki, Aya and Attia, Mahmoud and Hegazy, Doaa and Amin, Safaa},
journal = {(IJACSA) International Journal of Advanced Computer Science and Applications},
keywords = {data management,dynamic graphs,evolving,graphs,temporal graphs},
number = {2},
pages = {573--582},
title = {{Comprehensive Survey on Dynamic Graph Models}},
volume = {7},
year = {2016}
}

@article{Harary1997,
author = {Harary, F. and Gupta, G.},
doi = {10.1016/S0895-7177(97)00050-2},
isbn = {0895717719},
issn = {08957177},
journal = {Mathematical and Computer Modelling},
keywords = {Dynamic graphs,Graph models in computer science,Graph theory},
number = {7},
pages = {79--87},
title = {{Dynamic graph models}},
volume = {25},
year = {1997}
}

@inproceedings{Borgwardt2006,
address = {Hong Kong},
author = {Borgwardt, Karsten M. and Kriegel, Hans Peter and Wackersreuther, Peter},
booktitle = {In Proceedings of IEEE ICDM},
doi = {10.1109/ICDM.2006.124},
isbn = {0769527019},
issn = {15504786},
mendeley-groups = {Graphs},
pages = {818--822},
title = {{Pattern mining in frequent dynamic subgraphs}},
year = {2006}
}

@inproceedings{Lahiri2008,
author = {Lahiri, M. and Berger-Wolf, T.Y.},
booktitle = {2008 Eighth IEEE International Conference on Data Mining},
doi = {10.1109/ICDM.2008.104},
isbn = {978-0-7695-3502-9},
issn = {1550-4786},
keywords = {pattern mining,social networks},
mendeley-groups = {Graphs},
pages = {373--382},
title = {{Mining Periodic Behavior in Dynamic Social Networks}},
year = {2008}
}

@inproceedings{Lerman2010,
address = {Washington, D.C.},
author = {Lerman, Kristina and Rey, Marina and Ghosh, Rumi and Kang, Jeon Hyung},
booktitle = {Proceedings of the Eighth Workshop on Mining and Learning with Graphs},
keywords = {centrality,dynamic networks,networks},
pages = {70--77},
title = {{Centrality Metric for Dynamic Networks}},
year = {2010}
}

@inproceedings{Huo2014,
location = {Aalborg, Denmark},
author = {Huo, Wenyu and Tsotras, Vassilis J},
booktitle = {Proceedings of the 26th International Conference on Scientific and Statistical Database Management},
series = {SSDBM '14},
isbn = {9781450327220},
keywords = {evolving graph,shortest path,temporal query},
pages = {38:1--38:4},
title = {{Efficient Temporal Shortest Path Queries on Evolving Social Graphs}},
year = {2014},
articleno = {38},
url = {http://doi.acm.org/10.1145/2618243.2618282},
doi = {10.1145/2618243.2618282},
acmid = {2618282},
publisher = {ACM},
address = {New York, NY, USA}
}

@inproceedings{Koloniari2012,
address = {Istanbul, Turkey},
archivePrefix = {arXiv},
arxivId = {arXiv:1302.5549v1},
author = {Koloniari, Georgia and Souravlias, Dimitris and Pitoura, Evaggelia},
booktitle = {Proceedings of 1st Workshop on Online Social Systems (WOSS) 2012, in conjunction with VLDB 2012},
eprint = {arXiv:1302.5549v1},
title = {{On Graph Deltas for Historical Queries}},
year = {2012}
}

@article{Chan2008,
author = {Chan, Jeffrey and Bailey, James and Leckie, Christopher},
doi = {10.1007/s10115-007-0117-z},
isbn = {1011500701},
issn = {02191377},
journal = {Knowledge and Information Systems},
keywords = {Clustering,Correlated spatio-temporal changes,Data mining,Dynamic graph analysis,Event discovery,Evolving graphs,Spatio-temporal analysis},
mendeley-groups = {Graphs},
number = {1},
pages = {53--96},
title = {{Discovering correlated spatio-temporal changes in evolving graphs}},
volume = {16},
year = {2008}
}

@inproceedings{Khurana2013,
address = {Brisbane, QLD},
author = {Khurana, Udayan and Deshpande, Amol},
booktitle = {Proceedings of 29th IEEE ICDE},
eprint = {1207.5777},
keywords = {graph databases},
mendeley-groups = {Graphs},
mendeley-tags = {graph databases},
pages = {997 -- 1008},
title = {{Efficient Snapshot Retrieval over Historical Graph Data}},
url = {http://arxiv.org/abs/1207.5777},
year = {2013}
}

@inproceedings{Semertzidis2015,
address = {Brussels, Belgium},
author = {Semertzidis, Konstantinos and Lillis, Kostas and Pitoura, Evaggelia},
booktitle = {Proceedings of the 18th International Conference on Extending Database Technology},
doi = {10.5441/002/edbt.2015.12},
isbn = {9783893180677},
keywords = {evolving graphs,historical queries,reachability},
mendeley-groups = {Graphs},
pages = {121--132},
title = {{TimeReach: Historical Reachability Queries on Evolving Graphs}},
year = {2015}
}

@inproceedings{Sricharan2014,
address = {Snowbird, Utah USA},
author = {Sricharan, Kumar and Das, Kamalika},
booktitle = {Proceedings of the 2014 ACM SIGMOD},
doi = {10.1145/2588555.2612184},
isbn = {9781450323765},
issn = {07308078},
keywords = {anomaly,anomaly localization,commute time distance,detection,graph analysis,random walks,temporal graphs},
pages = {1347--1358},
title = {{Localizing anomalous changes in time-evolving graphs}},
url = {http://dl.acm.org/citation.cfm?doid=2588555.2612184},
year = {2014}
}

@inproceedings{Kan2009,
address = {Melbourne, Australia},
author = {Kan, Andrey and Chan, Je and Bailey, James and Leckie, Christopher},
booktitle = {Proceedings of AusDM 2009},
keywords = {graph databases},
mendeley-groups = {Graphs},
mendeley-tags = {graph databases},
title = {{A Query Based Approach for Mining Evolving Graphs}},
volume = {101},
year = {2009}
}

@article{Ren2011,
author = {Ren, Chenghui and Lo, Eric and Kao, Ben and Zhu, Xinjie and Cheng, Reynold},
journal = {Proceedings of the VLDB Endowment},
keywords = {graph databases,temporal DB},
mendeley-groups = {Graphs},
mendeley-tags = {graph databases,temporal DB},
number = {11},
pages = {726--737},
title = {{On Querying Historical Evolving Graph Sequences}},
volume = {4},
year = {2011}
}

@inproceedings{Fard2012,
author = {Fard, Arash and Abdolrashidi, Amir and Ramaswamy, Lakshmish and Miller, John},
booktitle = {Proceedings of the 8th IEEE International Conference on Collaborative Computing},
doi = {10.4108/icst.collaboratecom.2012.250532},
isbn = {978-1-936968-36-7},
keywords = {ability,big-data,partitioning,pattern matching,reach-,time-evolving graphs},
pages = {567--574},
title = {{Towards Efficient Query Processing on Massive Time-Evolving Graphs}},
url = {http://eudl.eu/doi/10.4108/icst.collaboratecom.2012.250532},
year = {2012}
}

@article{Ferreira2004,
author = {Ferreira, Afonso},
doi = {10.1109/MNET.2004.1337732},
issn = {08908044},
journal = {IEEE Network},
keywords = {and,dynamic networks,encourage the development of,energy aware,evolving graphs,fixed-schedule dynamic net-,graph theo-,manet,reference,retical models,routing,wireless networks},
number = {5},
pages = {24--29},
title = {{Building a reference combinatorial model for MANETs}},
volume = {18},
year = {2004}
}

@inproceedings{Yang2007,
address = {Lisboa, Pprtugal},
author = {Yang, Lei and Qi, Lei and Zhao, Yan-ping and Gao, Bin and Liu, Tie-yan},
booktitle = {Proceedings of Conference on Information and Knowledge Management (CIKM)},
isbn = {9781595938039},
keywords = {link,page importance,search engine,temporal information},
mendeley-groups = {Graphs},
pages = {1011--1014},
title = {{Link Analysis using Time Series of Web Graphs}},
year = {2007}
}

@article{Miao2015,
archivePrefix = {arXiv},
arxivId = {1005.3014},
author = {Miao, Youshan and Han, Wentao and Li, Kaiwei and Wu, Ming and Yang, Fan and Zhou, Lidong and Prabhakaran, Vijayan and Chen, Enhong and Chen, Wenguang},
doi = {10.1145/0000000.0000000},
eprint = {1005.3014},
isbn = {9781627480031},
issn = {15564681},
journal = {ACM Transactions on Storage},
keywords = {graph algorithms,temporal graph},
mendeley-groups = {Graphs},
number = {3},
pages = {14--34},
title = {{ImmortalGraph: A System for Storage and Analysis of Temporal Graphs}},
url = {http://arxiv.org/abs/1005.3014},
volume = {11},
year = {2015}
}

@article{Labouseur2015,
author = {Labouseur, Alan G. and Birnbaum, Jeremy and Olsen, Paul W. and Spillane, Sean R. and Vijayan, Jayadevan and Hwang, Jeong Hyon and Han, Wook Shin},
doi = {10.1007/s10619-014-7140-3},
issn = {15737578},
journal = {Distributed and Parallel Databases},
keywords = {Big data,Distributed databases,Graphs,Parallel computing,Queries},
number = {4},
pages = {479--514},
publisher = {Springer US},
title = {{The G* graph database: efficiently managing large distributed dynamic graphs}},
url = {http://dx.doi.org/10.1007/s10619-014-7140-3},
volume = {33},
year = {2014}
}

@Inbook{Toman2009,
author="Toman, David",
editor="LIU, LING and {\"O}ZSU, M. TAMER",
title="Point-Stamped Temporal Models",
bookTitle="Encyclopedia of Database Systems",
year="2009",
publisher="Springer US",
address="Boston, MA",
pages="2119--2123",
isbn="978-0-387-39940-9",
doi="10.1007/978-0-387-39940-9_269",
url="http://dx.doi.org/10.1007/978-0-387-39940-9_269"
}

@article{Angles2008,
author = {Angles, Renzo and Gutierrez, Claudio},
doi = {10.1145/1322432.1322433},
isbn = {0360-0300},
issn = {03600300},
journal = {ACM Computing Surveys},
mendeley-groups = {Graphs},
number = {1},
pages = {1--39},
title = {{Survey of graph database models}},
volume = {40},
year = {2008}
}

@inproceedings{Le2013,
address = {New York, New York, USA},
author = {Le, Wangchao and Li, Feifei and Tao, Yufei and Christensen, Robert},
booktitle = {Proceedings of SIGMOD '13},
doi = {10.1145/2463676.2465310},
isbn = {9781450320375},
issn = {07308078},
keywords = {multi-version databases,optimal splitters,temporal data},
pages = {109--120},
title = {{Optimal splitters for temporal and multi-version databases}},
url = {http://dl.acm.org/citation.cfm?id=2463676.2465310},
year = {2013}
}

@article{DBLP:journals/sigmod/KulkarniM12,
  author    = {Krishna G. Kulkarni and
               Jan{-}Eike Michels},
  title     = {Temporal features in {SQL:} 2011},
  journal   = {{SIGMOD} Record},
  volume    = {41},
  number    = {3},
  pages     = {34--43},
  year      = {2012},
  url       = {http://doi.acm.org/10.1145/2380776.2380786},
  doi       = {10.1145/2380776.2380786},
  timestamp = {Sat, 20 Oct 2012 20:57:25 +0200},
  biburl    = {http://dblp.uni-trier.de/rec/bib/journals/sigmod/KulkarniM12},
  bibsource = {dblp computer science bibliography, http://dblp.org}
}

@book{GraphDB,
 title = {Graph databases},
 author = {Ian Robinson and Jim Webber and Emil Eifrem},
 year = {2013},
 publisher = {O'Reilly Media, Inc.}
}

@inproceedings{DBLP:conf/vldb/BohlenSS96,
  author    = {Michael H. B{\"{o}}hlen and others},
  title     = {Coalescing in Temporal Databases},
  booktitle = {VLDB},
  year      = {1996},
  url       = {http://www.vldb.org/conf/1996/P180.PDF},
  timestamp = {Mon, 17 Sep 2012 21:48:23 +0200},
  biburl    = {http://dblp.uni-trier.de/rec/bib/conf/vldb/BohlenSS96},
  bibsource = {dblp computer science bibliography, http://dblp.org}
}

@article{McCune2015,
author = {McCune, Robert Ryan and Weninger, Tim and Madey, Greg},
journal = {ACM Computing Surveys},
keywords = {Big Data,Pregel,distributed systems,graph processing},
mendeley-groups = {Graphs},
number = {1},
title = {{Thinking Like a Vertex : a Survey of Vertex-Centric Frameworks for Large-Scale Distributed Graph Processing}},
volume = {1},
year = {2015}
}

@article{Seo2013,
author = {Seo, J. and Park, J. and Shin, J. and Lam, M.S.},
issn = {21508097},
journal = {Proceedings of the VLDB Endowment},
number = {14},
pages = {1906--1917},
title = {{Distributed socialite: A datalogbased language for largescale graph analysis}},
volume = {6},
year = {2013}
}

@inproceedings{DBLP:conf/osdi/GonzalezXDCFS14,
  author    = {Joseph E. Gonzalez and others},
  title     = {{GraphX}: Graph Processing in a Distributed Dataflow Framework},
  booktitle = {OSDI},
  year      = {2014},
  url       = {https://www.usenix.org/conference/osdi14/technical-sessions/presentation/gonzalez},
  timestamp = {Tue, 18 Nov 2014 17:21:14 +0100},
  biburl    = {http://dblp.uni-trier.de/rec/bib/conf/osdi/GonzalezXDCFS14},
  bibsource = {dblp computer science bibliography, http://dblp.org}
}

@inproceedings{MoffittTempWeb16,
   author = {{Zaychik Moffitt}, V. and {Stoyanovich}, J.},
   title = "{Towards a distributed infrastructure for evolving graph analytics}",
   booktitle = {TempWeb},
   year = 2016
}
