@incollection{DBLP:reference/db/Bohlen09,
  author    = {Michael H. B{\"{o}}hlen},
  title     = {Temporal Coalescing},
  booktitle = {Encyclopedia of Database Systems},
  pages     = {2932--2936},
  year      = {2009},
  url       = {http://dx.doi.org/10.1007/978-0-387-39940-9_388},
  doi       = {10.1007/978-0-387-39940-9_388},
  timestamp = {Fri, 25 Nov 2011 18:21:34 +0100},
  biburl    = {http://dblp.dagstuhl.de/rec/bib/reference/db/Bohlen09},
  bibsource = {dblp computer science bibliography, http://dblp.org}
}

@inproceedings{Bohlen1998,
address = {Orlando, Florida},
author = {B{\"{o}}hlen, Michael H and Busatto, Renato and Jensen, Christian S},
booktitle = {Proceedings of the Fourteenth IEEE International Conference on Data Engineering},
pages = {192--200},
title = {{Point Versus Interval-based Temporal Data Models}},
url = {http://people.cs.aau.dk/{~}csj/Thesis/pdf/chapter7.pdf},
year = {1998}
}

@article{Harary1997,
author = {Harary, F. and Gupta, G.},
doi = {10.1016/S0895-7177(97)00050-2},
isbn = {0895717719},
issn = {08957177},
journal = {Mathematical and Computer Modelling},
keywords = {Dynamic graphs,Graph models in computer science,Graph theory},
number = {7},
pages = {79--87},
title = {{Dynamic graph models}},
volume = {25},
year = {1997}
}

@inproceedings{Khurana2013,
address = {Brisbane, QLD},
author = {Khurana, Udayan and Deshpande, Amol},
booktitle = {ICDE'13},
eprint = {1207.5777},
keywords = {graph databases},
mendeley-groups = {Graphs},
mendeley-tags = {graph databases},
pages = {997 -- 1008},
title = {{Efficient Snapshot Retrieval over Historical Graph Data}},
url = {http://arxiv.org/abs/1207.5777},
year = {2013}
}

@inproceedings{Semertzidis2015,
address = {Brussels, Belgium},
author = {Semertzidis, Konstantinos and Lillis, Kostas and Pitoura, Evaggelia},
booktitle = {EDBT'15},
doi = {10.5441/002/edbt.2015.12},
isbn = {9783893180677},
keywords = {evolving graphs,historical queries,reachability},
mendeley-groups = {Graphs},
pages = {121--132},
title = {{TimeReach: Historical Reachability Queries on Evolving Graphs}},
year = {2015}
}

@inproceedings{Sricharan2014,
address = {Snowbird, Utah USA},
author = {Sricharan, Kumar and Das, Kamalika},
booktitle = {Proceedings of the 2014 ACM SIGMOD international conference on Management of data},
doi = {10.1145/2588555.2612184},
isbn = {9781450323765},
issn = {07308078},
keywords = {anomaly,anomaly localization,commute time distance,detection,graph analysis,random walks,temporal graphs},
pages = {1347--1358},
title = {{Localizing anomalous changes in time-evolving graphs}},
url = {http://dl.acm.org/citation.cfm?doid=2588555.2612184},
year = {2014}
}

@inproceedings{Kan2009,
address = {Melbourne, Australia},
author = {Kan, Andrey and Chan, Je and Bailey, James and Leckie, Christopher},
booktitle = {AusDM 2009},
keywords = {graph databases},
mendeley-groups = {Graphs},
mendeley-tags = {graph databases},
title = {{A Query Based Approach for Mining Evolving Graphs}},
volume = {101},
year = {2009}
}

@article{Ren2011,
author = {Ren, Chenghui and others},
journal = {Proceedings of the VLDB Endowment},
keywords = {graph databases,temporal DB},
mendeley-groups = {Graphs},
mendeley-tags = {graph databases,temporal DB},
number = {11},
pages = {726--737},
title = {{On Querying Historical Evolving Graph Sequences}},
volume = {4},
year = {2011}
}

@inproceedings{Fard2012,
author = {Fard, Arash and Abdolrashidi, Amir and Ramaswamy, Lakshmish and Miller, John},
booktitle = {Proceedings of the 8th IEEE International Conference on Collaborative Computing: Networking, Applications and Worksharing},
doi = {10.4108/icst.collaboratecom.2012.250532},
isbn = {978-1-936968-36-7},
keywords = {ability,big-data,partitioning,pattern matching,reach-,time-evolving graphs},
pages = {567--574},
title = {{Towards Efficient Query Processing on Massive Time-Evolving Graphs}},
url = {http://eudl.eu/doi/10.4108/icst.collaboratecom.2012.250532},
year = {2012}
}

@inproceedings{Yang2007,
address = {Lisboa, Pprtugal},
author = {Yang, Lei and Qi, Lei and Zhao, Yan-ping and Gao, Bin and Liu, Tie-yan},
booktitle = {Proceedings of Conference on Information and Knowledge Management (CIKM)},
isbn = {9781595938039},
keywords = {link,page importance,search engine,temporal information},
mendeley-groups = {Graphs},
pages = {1011--1014},
title = {{Link Analysis using Time Series of Web Graphs}},
year = {2007}
}

@article{Chan2008,
author = {Chan, Jeffrey and Bailey, James and Leckie, Christopher},
doi = {10.1007/s10115-007-0117-z},
isbn = {1011500701},
issn = {02191377},
journal = {Knowledge and Information Systems},
keywords = {Clustering,Correlated spatio-temporal changes,Data mining,Dynamic graph analysis,Event discovery,Evolving graphs,Spatio-temporal analysis},
mendeley-groups = {Graphs},
number = {1},
pages = {53--96},
title = {{Discovering correlated spatio-temporal changes in evolving graphs}},
volume = {16},
year = {2008}
}

@inproceedings{Borgwardt2006,
address = {Hong Kong},
author = {Borgwardt, Karsten M. and Kriegel, Hans Peter and Wackersreuther, Peter},
booktitle = {Proceedings - IEEE International Conference on Data Mining, ICDM},
doi = {10.1109/ICDM.2006.124},
isbn = {0769527019},
issn = {15504786},
mendeley-groups = {Graphs},
pages = {818--822},
title = {{Pattern mining in frequent dynamic subgraphs}},
year = {2006}
}

@inproceedings{Lahiri2008,
author = {Lahiri, M. and Berger-Wolf, T.Y.},
booktitle = {2008 Eighth IEEE International Conference on Data Mining},
doi = {10.1109/ICDM.2008.104},
isbn = {978-0-7695-3502-9},
issn = {1550-4786},
keywords = {pattern mining,social networks},
mendeley-groups = {Graphs},
pages = {373--382},
title = {{Mining Periodic Behavior in Dynamic Social Networks}},
year = {2008}
}

@inproceedings{Lerman2010,
address = {Washington, D.C.},
author = {Lerman, Kristina and others},
booktitle = {MLG'10},
keywords = {centrality,dynamic networks,networks},
pages = {70--77},
title = {{Centrality Metric for Dynamic Networks}},
year = {2010}
}

@inproceedings{Huo2014,
location = {Aalborg, Denmark},
author = {Huo, Wenyu and Tsotras, Vassilis J},
booktitle = {SSDBM'14},
isbn = {9781450327220},
keywords = {evolving graph,shortest path,temporal query},
pages = {38:1--38:4},
title = {{Efficient Temporal Shortest Path Queries on Evolving Social Graphs}},
year = {2014},
articleno = {38},
url = {http://doi.acm.org/10.1145/2618243.2618282},
doi = {10.1145/2618243.2618282},
acmid = {2618282},
address = {New York, NY, USA}
}

@inproceedings{Koloniari2012,
address = {Istanbul, Turkey},
archivePrefix = {arXiv},
arxivId = {arXiv:1302.5549v1},
author = {Koloniari, Georgia and Souravlias, Dimitris and Pitoura, Evaggelia},
booktitle = {WOSS'12},
eprint = {arXiv:1302.5549v1},
title = {{On Graph Deltas for Historical Queries}},
year = {2012}
}

@article{Zaki2016,
author = {Zaki, Aya and Attia, Mahmoud and Hegazy, Doaa and Amin, Safaa},
journal = {(IJACSA) International Journal of Advanced Computer Science and Applications},
keywords = {data management,dynamic graphs,evolving,graphs,temporal graphs},
number = {2},
pages = {573--582},
title = {{Comprehensive Survey on Dynamic Graph Models}},
volume = {7},
year = {2016}
}

@article{Miao2015,
archivePrefix = {arXiv},
arxivId = {1005.3014},
author = {Miao, Youshan and others},
doi = {10.1145/0000000.0000000},
eprint = {1005.3014},
isbn = {9781627480031},
issn = {15564681},
journal = {ACM Transactions on Storage},
keywords = {graph algorithms,temporal graph},
mendeley-groups = {Graphs},
number = {3},
pages = {14--34},
title = {{ImmortalGraph: A System for Storage and Analysis of Temporal Graphs}},
url = {http://arxiv.org/abs/1005.3014},
volume = {11},
year = {2015}
}

@article{Labouseur2015,
author = {Labouseur, Alan G. and others},
doi = {10.1007/s10619-014-7140-3},
issn = {15737578},
journal = {Distrib. and Parallel Databases},
keywords = {Big data,Distributed databases,Graphs,Parallel computing,Queries},
number = {4},
pages = {479--514},
publisher = {Springer US},
title = {{The G* graph database: efficiently managing large distributed dynamic graphs}},
url = {http://dx.doi.org/10.1007/s10619-014-7140-3},
volume = {33},
year = {2014}
}

@incollection{DBLP:reference/db/JensenS09k,
  author    = {Christian S. Jensen and
               Richard T. Snodgrass},
  title     = {Temporal Data Models},
  booktitle = {Encyclopedia of Database Systems},
  year      = {2009},
  url       = {http://dx.doi.org/10.1007/978-0-387-39940-9_394},
  doi       = {10.1007/978-0-387-39940-9_394},
  pages     = {2952--2957},
  biburl    = {http://dblp.dagstuhl.de/rec/bib/reference/db/JensenS09k},
  publisher = "Springer US",
  address   = "Boston, MA",
  isbn      = "978-0-387-39940-9",
  bibsource = {dblp computer science bibliography, http://dblp.org}
}

@article{DBLP:journals/sigmod/KulkarniM12,
  author    = {Krishna G. Kulkarni and
               Jan{-}Eike Michels},
  title     = {Temporal features in {SQL:} 2011},
  journal   = {{SIGMOD} Record},
  volume    = {41},
  number    = {3},
  pages     = {34--43},
  year      = {2012},
  url       = {http://doi.acm.org/10.1145/2380776.2380786},
  doi       = {10.1145/2380776.2380786},
  timestamp = {Sat, 20 Oct 2012 20:57:25 +0200},
  biburl    = {http://dblp.uni-trier.de/rec/bib/journals/sigmod/KulkarniM12},
  bibsource = {dblp computer science bibliography, http://dblp.org}
}

@book{GraphDB,
 title = {Graph databases},
 author = {Ian Robinson and Jim Webber and Emil Eifrem},
 year = {2013},
 publisher = {O'Reilly Media, Inc.}
}

@book{Liu:2009:EDS:1804422,
 author = {Liu, Ling and Zsu, M. Tamer},
 title = {Encyclopedia of Database Systems},
 year = {2009},
 isbn = {0387355448, 9780387355443},
 edition = {1st},
 publisher = {Springer Publishing Company, Incorporated},
} 

@inproceedings{Jin2007,
author = {Jin, Ruoming and McCallen, S. and Almaas, E.},
booktitle = {Seventh IEEE International Conference on Data Mining (ICDM 2007)},
doi = {10.1109/ICDM.2007.92},
isbn = {978-0-7695-3018-5},
issn = {1550-4786},
pages = {541--546},
title = {{Trend Motif: A Graph Mining Approach for Analysis of Dynamic Complex Networks}},
year = {2007}
}

@inproceedings{Casteigts2011,
archivePrefix = {arXiv},
arxivId = {1012.0009},
author = {Casteigts, Arnaud and others},
booktitle = {ADHOC-NOW},
doi = {10.1007/978-3-642-22450-8_27},
eprint = {1012.0009},
isbn = {978-3-642-22449-2},
keywords = {temporal{\_}networks,time-varying{\_}graphs},
pages = {346--359},
title = {{Time-Varying Graphs and Dynamic Networks}},
url = {http://dx.doi.org/10.1007/978-3-642-22450-8{\_}27},
volume = {6811},
year = {2011}
}

@article{Ferreira2004,
author = {Ferreira, Afonso},
doi = {10.1109/MNET.2004.1337732},
issn = {08908044},
journal = {IEEE Network},
keywords = {and,dynamic networks,encourage the development of,energy aware,evolving graphs,fixed-schedule dynamic net-,graph theo-,manet,reference,retical models,routing,wireless networks},
number = {5},
pages = {24--29},
title = {{Building a reference combinatorial model for MANETs}},
volume = {18},
year = {2004}
}

@article{Wood2012,
author = {Wood, Peter T.},
doi = {10.1145/2206869.2206879},
issn = {01635808},
journal = {ACM SIGMOD Record},
keywords = {graph databases,query languages},
mendeley-groups = {Graphs},
mendeley-tags = {graph databases,query languages},
month = {mar},
number = {1},
pages = {50--60},
title = {{Query languages for graph databases}},
url = {http://dl.acm.org/citation.cfm?doid=2206869.2206879},
volume = {41},
year = {2012}
}

@article{JENSEN1994513,
title = "Unifying temporal data models via a conceptual model",
journal = "Information Systems",
volume = "19",
number = "7",
pages = "513 - 547",
year = "1994",
note = "",
issn = "0306-4379",
doi = "http://dx.doi.org/10.1016/0306-4379(94)90013-2",
url = "http://www.sciencedirect.com/science/article/pii/0306437994900132",
author = "Christian S. Jensen and Michael D. Soo and Richard T. Snodgrass"
}

@article{Salzberg1999,
author = {Salzberg, Betty and Tsotras, Vassilis J.},
doi = {10.1145/319806.319816},
file = {:Users/vzaychik/Documents/ReferencePapers/DataManagement/tempDB-survey.pdf:pdf},
issn = {03600300},
journal = {ACM Computing Surveys},
keywords = {indexing methods,temporal databases},
mendeley-groups = {DB Various,DB Various/Temporal DB},
month = {jun},
number = {2},
pages = {158--221},
title = {{Comparison of access methods for time-evolving data}},
url = {http://portal.acm.org/citation.cfm?doid=319806.319816},
volume = {31},
year = {1999}
}

@article{10.1371/journal.pone.0002292,
    author = {Titz, Bj{\"{o}}rn AND Rajagopala, Seesandra V. AND Goll, Johannes AND H{\"{a}}user, Roman AND McKevitt, Matthew T. AND Palzkill, Timothy AND Uetz, Peter},
    journal = {PLOS ONE},
    publisher = {Public Library of Science},
    title = {The Binary Protein Interactome of Treponema pallidum -- The Syphilis Spirochete},
    year = {2008},
    month = {05},
    volume = {3},
    pages = {1-11},
    number = {5},
    doi = {10.1371/journal.pone.0002292}
}

@article{Cho2000,
author = {Cho, Junghoo and Garcia-Molina, H},
doi = {10.1109/WI.2004.10097},
file = {:Users/vzaychik/Documents/ReferencePapers/1999-22.pdf:pdf},
isbn = {0-7695-2100-2},
journal = {VLDB '00 Proceedings of the 26th International Conference on Very Large Data Bases},
pages = {200--209},
title = {{The evolution of the web and implications for an incremental crawler}},
url = {http://ilpubs.stanford.edu:8090/376/},
year = {2000}
}

@inproceedings{Cattuto2013,
author = {Cattuto, Ciro and Quaggiotto, Marco and Panisson, Andr{\'{e}} and Averbuch, Alex},
booktitle = {GRADES '13},
doi = {10.1145/2484425.2484442},
file = {:Users/vzaychik/Documents/ReferencePapers/Graphs/11-averbuch.pdf:pdf},
isbn = {9781450321884},
keywords = {Neo4j,graph database,graph databases,social networks,temporal networks,wearable sensors},
pages = {1--6},
title = {{Time-varying social networks in a graph database}},
url = {http://dl.acm.org/citation.cfm?id=2484425.2484442},
volume = {1},
year = {2013}
}

@misc{AppleNetwork,
author = {Vermeij, André},
title = {Apple’s Internal Innovation Network Unraveled – Part 1 – Evolving Networks},
howpublished = "\url{https://www.kenedict.com/apples-internal-innovation-network-unraveled-part-1-evolving-networks/}",
note = "[Online; accessed 16-December-2015]"
}

@misc{SparkArch,
author = {Kharbanda, Arush},
title = {Apache Spark: A Look under the Hood},
howpublished = "\url{https://www.sigmoid.com/apache-spark-internals/}",
note = "[Online; accessed 27-April-2017]"
}

@article{DBLP:journals/csur/AggarwalS14,
  author    = {Charu C. Aggarwal and
               Karthik Subbian},
  title     = {Evolutionary Network Analysis},
  journal   = {{ACM} Comput. Surv.},
  volume    = {47},
  number    = {1},
  pages     = {10:1--10:36},
  year      = {2014},
  url       = {http://doi.acm.org/10.1145/2601412},
  doi       = {10.1145/2601412},
  timestamp = {Thu, 07 May 2015 18:17:40 +0200},
  biburl    = {http://dblp.uni-trier.de/rec/bib/journals/csur/AggarwalS14},
  bibsource = {dblp computer science bibliography, http://dblp.org}
}

@inproceedings{DBLP:conf/icwsm/GoetzLMF09,
  author    = {Michaela Goetz and
               Jure Leskovec and
               Mary McGlohon and
               Christos Faloutsos},
  title     = {Modeling Blog Dynamics},
  booktitle = {ICWSM},
  year      = {2009},
  url       = {http://aaai.org/ocs/index.php/ICWSM/09/paper/view/152},
  timestamp = {Thu, 13 Dec 2012 14:15:16 +0100},
  biburl    = {http://dblp.uni-trier.de/rec/bib/conf/icwsm/GoetzLMF09},
  bibsource = {dblp computer science bibliography, http://dblp.org}
}

@article{DBLP:journals/tweb/LeskovecAH07,
  author    = {Jure Leskovec and
               Lada A. Adamic and
               Bernardo A. Huberman},
  title     = {The dynamics of viral marketing},
  journal   = {{TWEB}},
  volume    = {1},
  number    = {1},
  year      = {2007},
  url       = {http://doi.acm.org/10.1145/1232722.1232727},
  doi       = {10.1145/1232722.1232727},
  timestamp = {Tue, 06 Nov 2007 09:28:29 +0100},
  biburl    = {http://dblp.uni-trier.de/rec/bib/journals/tweb/LeskovecAH07},
  bibsource = {dblp computer science bibliography, http://dblp.org}
}

@inproceedings{DBLP:conf/kdd/LeskovecBKT08,
  author    = {Jure Leskovec and
               Lars Backstrom and
               Ravi Kumar and
               Andrew Tomkins},
  title     = {Microscopic evolution of social networks},
  booktitle = {{ACM} {SIGKDD}},
  pages     = {462--470},
  year      = {2008},
  url       = {http://doi.acm.org/10.1145/1401890.1401948},
  doi       = {10.1145/1401890.1401948},
  timestamp = {Mon, 14 May 2012 09:20:40 +0200},
  biburl    = {http://dblp.uni-trier.de/rec/bib/conf/kdd/LeskovecBKT08},
  bibsource = {dblp computer science bibliography, http://dblp.org}
}

@inproceedings{DBLP:conf/icml/SarkarCJ12,
  author    = {Purnamrita Sarkar and
               Deepayan Chakrabarti and
               Michael I. Jordan},
  title     = {Nonparametric Link Prediction in Dynamic Networks},
  booktitle = {ICML},
  year      = {2012},
  url       = {http://icml.cc/discuss/2012/828.html},
  timestamp = {Fri, 25 Jan 2013 09:27:52 +0100},
  biburl    = {http://dblp.uni-trier.de/rec/bib/conf/icml/SarkarCJ12},
  bibsource = {dblp computer science bibliography, http://dblp.org}
}

@article{DBLP:journals/jisa/PapadimitriouDG10,
  author    = {Panagiotis Papadimitriou and
               Ali Dasdan and
               Hector Garcia{-}Molina},
  title     = {Web graph similarity for anomaly detection},
  journal   = {J. Internet Services and Applications},
  volume    = {1},
  number    = {1},
  pages     = {19--30},
  year      = {2010},
  url       = {http://dx.doi.org/10.1007/s13174-010-0003-x},
  doi       = {10.1007/s13174-010-0003-x},
  timestamp = {Wed, 19 May 2010 20:07:58 +0200},
  biburl    = {http://dblp.uni-trier.de/rec/bib/journals/jisa/PapadimitriouDG10},
  bibsource = {dblp computer science bibliography, http://dblp.org}
}

@article{DBLP:journals/kais/ChanBL08,
  author    = {Jeffrey Chan and
               James Bailey and
               Christopher Leckie},
  title     = {Discovering correlated spatio-temporal changes in evolving graphs},
  journal   = {Knowl. Inf. Syst.},
  volume    = {16},
  number    = {1},
  pages     = {53--96},
  year      = {2008},
  url       = {http://dx.doi.org/10.1007/s10115-007-0117-z},
  doi       = {10.1007/s10115-007-0117-z},
  timestamp = {Thu, 27 Nov 2008 12:22:49 +0100},
  biburl    = {http://dblp.uni-trier.de/rec/bib/journals/kais/ChanBL08},
  bibsource = {dblp computer science bibliography, http://dblp.org}
}

@article{DBLP:journals/tkdd/AsurPU09,
  author    = {Sitaram Asur and
               Srinivasan Parthasarathy and
               Duygu Ucar},
  title     = {An event-based framework for characterizing the evolutionary behavior
               of interaction graphs},
  journal   = {{TKDD}},
  volume    = {3},
  number    = {4},
  year      = {2009},
  url       = {http://doi.acm.org/10.1145/1631162.1631164},
  doi       = {10.1145/1631162.1631164},
  timestamp = {Fri, 19 Mar 2010 11:17:57 +0100},
  biburl    = {http://dblp.uni-trier.de/rec/bib/journals/tkdd/AsurPU09},
  bibsource = {dblp computer science bibliography, http://dblp.org}
}

@article{DBLP:journals/tcsb/BeyerTLSF10,
  author    = {Antje Beyer and
               Peter Thomason and
               Xinzhong Li and
               James Scott and
               Jasmin Fisher},
  title     = {Mechanistic Insights into Metabolic Disturbance during Type-2 Diabetes
               and Obesity Using Qualitative Networks},
  journal   = {T. Comp. Sys. Biology},
  volume    = {12},
  pages     = {146--162},
  year      = {2010},
  url       = {http://dx.doi.org/10.1007/978-3-642-11712-1_4},
  doi       = {10.1007/978-3-642-11712-1_4},
  timestamp = {Tue, 31 Aug 2010 12:50:14 +0200},
  biburl    = {http://dblp.uni-trier.de/rec/bib/journals/tcsb/BeyerTLSF10},
  bibsource = {dblp computer science bibliography, http://dblp.org}
}

@article{Stuart2003,
  author = {Joshua M. Stuart and Eran Segal and Daphne Koller and Stuart K. Kim},
  year   = {2003},
  title  = {A gene-coexpression network for global discovery of conserved genetic modules},
  journal = {Science},
  number  = {302},
  volume = {5643},
  pages = {249-–255}
}

@inproceedings{DBLP:conf/osdi/GonzalezXDCFS14,
  author    = {Joseph E. Gonzalez and others},
  title     = {{GraphX}: Graph Processing in a Distributed Dataflow Framework},
  booktitle = {OSDI},
  year      = {2014},
  url       = {https://www.usenix.org/conference/osdi14/technical-sessions/presentation/gonzalez},
  timestamp = {Tue, 18 Nov 2014 17:21:14 +0100},
  biburl    = {http://dblp.uni-trier.de/rec/bib/conf/osdi/GonzalezXDCFS14},
  bibsource = {dblp computer science bibliography, http://dblp.org}
}

@inproceedings{DBLP:conf/osdi/GonzalezLGBG12,
author = {Gonzalez, Je and Low, Y and Gu, H},
booktitle = {OSDI},
isbn = {978-1-931971-96-6},
pages = {17--30},
title = {Powergraph: Distributed graph-parallel computation on natural graphs},
url = {https://www.usenix.org/system/files/conference/osdi12/osdi12-final-167.pdf},
year = {2012}
}

@inproceedings{Dignos2012,
address = {Scottsdale, Arizona, USA},
author = {Dign{\"{o}}s, Anton and B{\"{o}}hlen, Michael H and Gamper, Johann},
booktitle = {SIGMOD '12},
isbn = {9781450312479},
keywords = {sequenced semantics,temporal databases},
pages = {433--444},
title = {{Temporal Alignment}},
year = {2012}
}

@inproceedings{He2008,
author = {He, Huahai and Singh, Ambuj K.},
booktitle = {Proceedings of the 28th International Conference on Management of Data, SIGMOD},
doi = {10.1145/1376616.1376660},
isbn = {9781605581026},
issn = {07308078},
pages = {405--417},
title = {{Graphs-at-a-time : Query Language and Access Methods for Graph Databases Categories and Subject Descriptors}},
year = {2008}
}

@inproceedings{Amer-Yahia2009,
author = {Amer-Yahia, Sihem and Lakshmanan, Laks and Yu, Cong},
booktitle = {CIDR},
title = {{SocialScope}: Enabling Information Discovery on Social Content Sites},
year = {2009}
}

@incollection{WeakEquivalence,
  author    = {Christian S. Jensen and
               Richard T. Snodgrass},
  title     = {Snapshot Equivalence},
  booktitle = {Encyclopedia of Database Systems},
  pages     = {2659-2659},
  year      = {2009},
  publisher = "Springer US",
  address   = "Boston, MA",
  isbn      = "978-0-387-39940-9"
}

@inproceedings{DBLP:conf/vldb/BohlenSS96,
  author    = {Michael H. B{\"{o}}hlen and others},
  title     = {Coalescing in Temporal Databases},
  booktitle = {VLDB},
  year      = {1996},
  url       = {http://www.vldb.org/conf/1996/P180.PDF},
  timestamp = {Mon, 17 Sep 2012 21:48:23 +0200},
  biburl    = {http://dblp.uni-trier.de/rec/bib/conf/vldb/BohlenSS96},
  bibsource = {dblp computer science bibliography, http://dblp.org}
}

@inproceedings{DBLP:conf/ictl/Chomicki94,
  author    = {Jan Chomicki},
  title     = {Temporal Query Languages: {A} Survey},
  booktitle = {Temporal Logic, {ICTL} '94, Bonn,
               Germany, July 11-14, 1994, Proceedings},
  pages     = {506--534},
  year      = {1994},
  url       = {http://dx.doi.org/10.1007/BFb0014006},
  doi       = {10.1007/BFb0014006},
  timestamp = {Tue, 14 Jun 2011 20:33:48 +0200},
  biburl    = {http://dblp.uni-trier.de/rec/bib/conf/ictl/Chomicki94},
  bibsource = {dblp computer science bibliography, http://dblp.org}
}

@Inbook{Montanari2009,
author="Montanari, Angelo
and Chomicki, Jan",
title="Time Domain",
bookTitle="Encyclopedia of Database Systems",
year="2009",
publisher="Springer US",
address="Boston, MA",
pages="3103--3107",
isbn="978-0-387-39940-9",
doi="10.1007/978-0-387-39940-9_427",
url="http://dx.doi.org/10.1007/978-0-387-39940-9_427"
}

@incollection{DBLP:reference/db/Toman09,
  author    = {David Toman},
  title     = {Point-Stamped Temporal Models},
  booktitle = {Encyclopedia of Database Systems},
  pages     = {2119--2123},
publisher="Springer US",
address="Boston, MA",
  year      = {2009}
}

@inproceedings{DBLP:conf/sigmod/SunFSKHX15,
  author    = {Wen Sun and
               Achille Fokoue and
               Kavitha Srinivas and
               Anastasios Kementsietsidis and
               Gang Hu and
               Guo Tong Xie},
  title     = {SQLGraph: An Efficient Relational-Based Property Graph Store},
  booktitle = {Proceedings of the 2015 {ACM} {SIGMOD} International Conference on
               Management of Data},
  pages     = {1887--1901},
  address   = {Melbourne, Victoria, Australia}, 
  year      = {2015}
}

@article{Allen1983,
author = {Allen, James F},
journal = {Communications of the ACM},
number = {11},
pages = {832--843},
title = {{Maintaining Knowledge about Temporal Intervals}},
volume = {26},
year = {1983}
}

@misc{Neo4j_dm,
  title = {Neo4j: What is a Graph Database?},
  howpublished = "\url{https://neo4j.com/developer/graph-database/#property-graph}",
  note = "[Online; accessed 7-July-2016]"
}

@inproceedings{Shkapsky2016,
address = {San Francisco, CA},
annote = {broadcast joins are used by default, which may be infeasible for large graphs},
author = {Shkapsky, Alexander and Yang, Mohan and Iterlandi, Matteo and Chiu, Hsuan and Condie, Tyson and Zaniolo, Carlo},
booktitle = {SIGMOD'16},
file = {:Users/vzaychik/Documents/ReferencePapers/Graphs/p1135-shkapsky.pdf:pdf},
isbn = {9781450335317},
keywords = {datalog,monotonic aggregates,recursive queries,spark},
pages = {1135--1149},
title = {{Big Data Analytics with Datalog Queries on Spark}},
year = {2016}
}

@article{Valiant1990,
author = {Valiant, Leslie GLeslie 6. Valiant 103},
journal = {Communications of the ACM},
number = {8},
pages = {103--111},
title = {{A Bridging Model for Parallel Computation}},
volume = {33},
year = {1990}
}

@inproceedings{Li2005,
author = {Li, Jin and others},
booktitle = {ACM SIGMOD},
doi = {http://doi.acm.org/10.1145/1066157.1066193},
isbn = {1-59593-060-4},
issn = {07308078},
title = {{Semantics and evaluation techniques for window aggregates in data streams}},
url = {www.cs.pdx.edu/{~}tufte/papers/WindowAgg.pdf},
year = {2005}
}

@inproceedings{Hsu1995,
annote = {shows how various quantifiers are defined in terms of sets. this means they can be translated to standard sql},
author = {Hsu, Ping-yu and Parker, D Stott},
booktitle = {ICDE},
mendeley-groups = {DB Various},
title = {{Improving SQL with Generalized Quantifiers}},
year = {1995}
}

@book{Harary1969,
author = {Harary, Frank},
isbn = {978-3-540-12687-4},
mendeley-groups = {Graphs},
publisher = {Addison Wesley Publishing Co},
title = {{Graph theory}},
url = {http://books.google.pt/books/about/Graph{\_}theory.html?id=QNxgQZQH868C{\&}pgis=1},
year = {1969}
}

@article{George2006,
author = {George, Betsy and Shekhar, Shashi},
doi = {10.1007/978-3-540-92148-6_7},
journal = {Journal on Data Semantics},
mendeley-groups = {Graphs},
pages = {191--212},
title = {{Time-aggregated graphs for modeling spatio-temporal networks}},
volume = {11},
year = {2006}
}

@inproceedings{Khurana2016,
address = {Bordeaux, France},
annote = {small datasets},
archivePrefix = {arXiv},
arxivId = {1509.08960},
author = {Khurana, Udayan and Deshpande, Amol},
booktitle = {EDBT'16},
eprint = {1509.08960},
file = {:Users/vzaychik/Documents/ReferencePapers/Graphs/1509.08960v1.pdf:pdf},
pages = {65--76},
title = {{Storing and Analyzing Historical Graph Data at Scale}},
url = {http://arxiv.org/abs/1509.08960},
year = {2016}
}

@article{George2009,
author = {George, Betsy and Kang, James M and Shekhar, Shashi},
journal = {Intelligent Data Analysis},
keywords = {graph databases,temporal DB},
mendeley-groups = {Graphs},
mendeley-tags = {graph databases,temporal DB},
number = {3},
pages = {457--475},
title = {{Spatio-Temporal Sensor Graphs (STSG)}},
volume = {13},
year = {2009}
}

@inproceedings{Lionakis2014,
address = {Atlanta, GA},
author = {Lionakis, Panagiotis and Stefanidis, Kostas and Koloniari, Georgia},
booktitle = {33rd International Conference on Conceptual Modeling},
file = {:Users/vzaychik/Documents/ReferencePapers/Graphs/er14{\_}demo.pdf:pdf},
keywords = {graph databases},
mendeley-groups = {Graphs},
mendeley-tags = {graph databases},
title = {{SQTime : Time-enhanced Social Search Querying}},
year = {2014}
}

@inproceedings{DBLP:conf/sigmod/MalewiczABDHLC10,
  author    = {Grzegorz Malewicz and
               Matthew H. Austern and
               Aart J. C. Bik and
               James C. Dehnert and
               Ilan Horn and
               Naty Leiser and
               Grzegorz Czajkowski},
  title     = {Pregel: a system for large-scale graph processing},
  booktitle = {{ACM} {SIGMOD}},
  pages     = {135--146},
  year      = {2010},
  url       = {http://doi.acm.org/10.1145/1807167.1807184},
  doi       = {10.1145/1807167.1807184},
  timestamp = {Mon, 07 Jun 2010 08:03:40 +0200},
  biburl    = {http://dblp.uni-trier.de/rec/bib/conf/sigmod/MalewiczABDHLC10},
  bibsource = {dblp computer science bibliography, http://dblp.org}
}

@inproceedings{Clifford1985,
author = {Clifford, James and Tansel, Abdullah Uz},
booktitle = {Proceedings of the 1985 ACM SIGMOD International Conference on Management of Data},
doi = {10.1145/318898.318922},
file = {:Users/vzaychik/Documents/ReferencePapers/DataManagement/p247-clifford.pdf:pdf},
isbn = {0-89791-160-1},
issn = {01635808},
mendeley-groups = {DB Various/Temporal DB},
pages = {247--265},
title = {{On an Algebra for Historical Relational Databases: Two Views}},
url = {http://doi.acm.org/10.1145/318898.318922},
year = {1985}
}

@inproceedings{Snodgrass:1985:TTD:318898.318921,
 author = {Snodgrass, Richard and Ahn, Ilsoo},
 title = {A Taxonomy of Time Databases},
 booktitle = {Proceedings of the 1985 ACM SIGMOD International Conference on Management of Data},
 series = {SIGMOD '85},
 year = {1985},
 isbn = {0-89791-160-1},
 location = {Austin, Texas, USA},
 pages = {236--246},
 numpages = {11},
 url = {http://doi.acm.org/10.1145/318898.318921},
 doi = {10.1145/318898.318921},
 acmid = {318921},
 publisher = {ACM},
 address = {New York, NY, USA},
} 

@article{DBLP:journals/corr/AnglesABHRV16,
  author    = {Renzo Angles and
               Marcelo Arenas and
               Pablo Barcel{\'{o}} and
               Aidan Hogan and
               Juan L. Reutter and
               Domagoj Vrgoc},
  title     = {Foundations of Modern Graph Query Languages},
  journal   = {CoRR},
  volume    = {abs/1610.06264},
  year      = {2016},
  url       = {http://arxiv.org/abs/1610.06264},
  timestamp = {Wed, 02 Nov 2016 09:51:26 +0100},
  biburl    = {http://dblp.uni-trier.de/rec/bib/journals/corr/AnglesABHRV16},
  bibsource = {dblp computer science bibliography, http://dblp.org}
}

@article{CONSENS199395,
title = "Low-complexity aggregation in GraphLog and Datalog",
journal = "Theoretical Computer Science",
volume = "116",
number = "1",
pages = "95 - 116",
year = "1993",
note = "",
issn = "0304-3975",
doi = "http://dx.doi.org/10.1016/0304-3975(93)90221-E",
url = "http://www.sciencedirect.com/science/article/pii/030439759390221E",
author = "Mariano P. Consens and Alberto O. Mendelzon",

}

@techreport{SPARQL,
type = {Standard},
title = {RDF 1.1 Concepts and Abstract Syntax. W3C Recommendation.},
month = {February},
year = {2014},
author = {Graham Klyne and Jeremy J. Carroll and Brian McBride},
url = {https://www.w3.org/TR/rdf11-concepts/},
institution = {W3C}
}

@inproceedings{Melnik2010,
author = {Melnik, Sergey and Gubarev, Andrey and Long, Jing Jing and Romer, Geoffrey and Shivakumar, Shiva and Tolton, Matt and Vassilakis, Theo},
booktitle = {36th International Conference on Very Large Data Bases},
doi = {10.1145/1953122.1953148},
isbn = {2150-8097},
issn = {00010782},
mendeley-groups = {DB Various},
pages = {330--339},
pmid = {17548183},
title = {{Dremel: Interactive Analysis of Web-Scale Datasets}},
url = {http://www.vldb2010.org/accept.htm},
year = {2010}
}

@inproceedings{Le2013,
author = {Le, Wangchao and others},
booktitle = {SIGMOD},
doi = {10.1145/2463676.2465310},
isbn = {9781450320375},
issn = {07308078},
keywords = {multi-version databases,optimal splitters,temporal data},
title = {{Optimal splitters for temporal and multi-version databases}},
url = {http://dl.acm.org/citation.cfm?id=2463676.2465310},
year = {2013}
}

@book{Abiteboul1995,
author = {Abiteboul, Serge and Hull, Richard and Vianu, Victor},
file = {:Users/vzaychik/Documents/ReferencePapers/DataManagement/AliceBook.pdf:pdf},
publisher = {Addison-Wesley},
title = {{Foundations of Databases}},
year = {1995}
}

@incollection{DBLP:reference/db/ChomickiT09b,
  author    = {Jan Chomicki and
               David Toman},
  title     = {Temporal Relational Calculus},
  booktitle = {Encyclopedia of Database Systems},
  pages     = {3015--3016},
publisher="Springer UxS",
address="Boston, MA",
  year      = {2009}
}

@article{DBLP:journals/sigmod/Zimanyi06,
  author    = {Esteban Zim{\'{a}}nyi},
  title     = {Temporal aggregates and temporal universal quantification in standard
               {SQL}},
  journal   = {{SIGMOD} Record},
  volume    = {35},
  number    = {2},
  pages     = {16--21},
  year      = {2006},
  url       = {http://doi.acm.org/10.1145/1147376.1147379},
  doi       = {10.1145/1147376.1147379},
  timestamp = {Wed, 19 Sep 2012 09:16:25 +0200},
  biburl    = {http://dblp.uni-trier.de/rec/bib/journals/sigmod/Zimanyi06},
  bibsource = {dblp computer science bibliography, http://dblp.org}
}

@inproceedings{DBLP:conf/time/BohlenGJ06,
  author    = {Michael H. B{\"{o}}hlen and
               Johann Gamper and
               Christian S. Jensen},
  title     = {How Would You Like to Aggregate Your Temporal Data?},
  booktitle = {TIME},
 year = {2006}

}

@article{McCune2015,
author = {McCune, Robert Ryan and others},
journal = {ACM CSUR},
keywords = {Big Data,Pregel,distributed systems,graph processing},
mendeley-groups = {Graphs},
number = {1},
title = {Thinking Like a Vertex: a Survey of Vertex-Centric Frameworks for Large-Scale Distributed Graph Processing},
volume = {1},
year = {2015}
}

@article{Dean2004,
archivePrefix = {arXiv},
arxivId = {10.1.1.163.5292},
author = {Dean, Jeffrey and Ghemawat, Sanjay},
doi = {10.1145/1327452.1327492},
eprint = {10.1.1.163.5292},
isbn = {9781595936868},
issn = {00010782},
journal = {Proceedings of 6th Symposium on Operating Systems Design and Implementation},
mendeley-groups = {InfoSci Classics},
pages = {137--149},
pmid = {11687618},
title = {{MapReduce: Simplied Data Processing on Large Clusters}},
year = {2004}
}

@inproceedings{Zaharia2012,
author = {Zaharia, Matei and Chowdhury, Mosharaf and Das, Tathagata and Dave, Ankur and Ma, Justin and Mccauley, Murphy and Franklin, Michael J and Shenker, Scott and Stoica, Ion},
booktitle = {NSDI},
file = {:Users/vzaychik/Documents/ReferencePapers/DataManagement/nsdi{\_}spark.pdf:pdf},
title = {{Resilient Distributed Datasets : A Fault-Tolerant Abstraction for In-Memory Cluster Computing}},
year = {2012}
}

@inproceedings{Armbrust2015,
address = {Melbourne, Australia},
author = {Armbrust, Michael and Xin, Reynold S and Lian, Cheng and Huai, Yin and Liu, Davies and Bradley, Joseph K and Meng, Xiangrui and Kaftan, Tomer and Franklin, Michael J and Ghodsi, Ali and Zaharia, Matei},
booktitle = {SIGMOD'15},
file = {:Users/vzaychik/Documents/ReferencePapers/sigmod{\_}spark{\_}sql.pdf:pdf},
isbn = {9781450327589},
keywords = {data warehouse,databases,hadoop,machine learning,spark},
mendeley-groups = {DB Various},
title = {{Spark SQL : Relational Data Processing in Spark}},
year = {2015}
}

@inproceedings{Gabielkov:2014:SSN:2591971.2591985,
 author = {Gabielkov, Maksym and others},
 title = {Studying Social Networks at Scale: Macroscopic Anatomy of the Twitter Social Graph},
 booktitle = {SIGMETRICS},
 year = {2014},
 isbn = {978-1-4503-2789-3},
 location = {Austin, Texas, USA},
 numpages = {12},
 url = {http://doi.acm.org/10.1145/2591971.2591985},
 doi = {10.1145/2591971.2591985},
 acmid = {2591985},
 keywords = {data mining, graph structure, social networks, twitter},
}

@inproceedings{MoffittTempWeb16,
   author = {{Zaychik Moffitt}, V. and {Stoyanovich}, J.},
   title = "{Towards a distributed infrastructure for evolving graph analytics}",
   booktitle = {TempWeb},
   year = 2016
}

@inproceedings{MoffittEDBT17,
   author = {{Zaychik Moffitt}, V. and {Stoyanovich}, J.},
   title = "{Towards sequenced semantics for evolving graphs}",
   booktitle = {Proceedings of the 20th International Conference on Extending Database Technology, EDBT'17},
   year = 2017
}   

@article{watts1998collective,
  title={Collective dynamics of ‘small-world’networks},
  author={Watts, Duncan J and Strogatz, Steven H},
  journal={nature},
  volume={393},
  number={6684},
  pages={440--442},
  year={1998},
  publisher={Nature Publishing Group}
}

@misc{DBLP,
  title = {{DBLP}, Computer Science Bibliography},
  howpublished = "\url{http://dblp.uni-trier.de/}",
  note = "[Online; accessed 14-November-2015]"
}

@inproceedings{Han2014,
address = {Amsterdam, Netherlands},
author = {Han, Wentao and Chen, Wenguang and Chen, Enhong},
booktitle = {EuroSys},
isbn = {9781450327046},
keywords = {graph databases,temporal DB},
mendeley-groups = {Graphs},
mendeley-tags = {graph databases,temporal DB},
title = {{Chronos : A Graph Engine for Temporal Graph Analysis}},
year = {2014}
}

@Inbook{Bohlen2009,
author="B{\"o}hlen, Michael H.
and Jensen, Christian S.
and Snodgrass, Richard T.",
title="Temporal Compatibility",
bookTitle="Encyclopedia of Database Systems",
year="2009",
publisher="Springer US",
address="Boston, MA",
pages="2936--2939",
isbn="978-0-387-39940-9",
doi="10.1007/978-0-387-39940-9_1059",
url="http://dx.doi.org/10.1007/978-0-387-39940-9_1059"
}

@article{Bohlen2000,
author = {B{\"{o}}hlen, Michael H and Jensen, Christian S and Snodgrass, Richard T},
journal = {ACM TODS},
number = {4},
pages = {407--456},
title = {{Temporal Statement Modifiers}},
volume = {25},
year = {2000}
}

@inproceedings{Bohlen1995,
author = {B{\"{o}}hlen, Michael H. and Jensen, Christian S. and Snodgrass, Richard T.},
booktitle = {Recent Advances in Temporal Databases},
pages = {153--172},
title = {{Evaluating the Completeness of TSQL2}},
year = {1995}
}

@article{Clifford1994,
author = {Clifford, James and Croker, Albert and Tuzhilin, Alexander},
journal = {ACM TODS},
number = {1},
pages = {64--116},
title = {{On Completeness of Historical Relational Query Languages}},
volume = {19},
year = {1994}
}
