@incollection{DBLP:reference/db/Bohlen09,
  author    = {Michael H. B{\"{o}}hlen},
  title     = {Temporal Coalescing},
  booktitle = {Encyclopedia of Database Systems},
  pages     = {2932--2936},
  year      = {2009},
  url       = {http://dx.doi.org/10.1007/978-0-387-39940-9_388},
  doi       = {10.1007/978-0-387-39940-9_388},
  timestamp = {Fri, 25 Nov 2011 18:21:34 +0100},
  biburl    = {http://dblp.dagstuhl.de/rec/bib/reference/db/Bohlen09},
  bibsource = {dblp computer science bibliography, http://dblp.org}
}

@inproceedings{Bohlen1998,
address = {Orlando, Florida},
author = {B{\"{o}}hlen, Michael H and Busatto, Renato and Jensen, Christian S},
booktitle = {Proceedings of the Fourteenth IEEE International Conference on Data Engineering},
pages = {192--200},
title = {{Point Versus Interval-based Temporal Data Models}},
url = {http://people.cs.aau.dk/{~}csj/Thesis/pdf/chapter7.pdf},
year = {1998}
}

@article{Harary1997,
author = {Harary, F. and Gupta, G.},
doi = {10.1016/S0895-7177(97)00050-2},
isbn = {0895717719},
issn = {08957177},
journal = {Mathematical and Computer Modelling},
keywords = {Dynamic graphs,Graph models in computer science,Graph theory},
number = {7},
pages = {79--87},
title = {{Dynamic graph models}},
volume = {25},
year = {1997}
}

@inproceedings{Khurana2013,
address = {Brisbane, QLD},
author = {Khurana, Udayan and Deshpande, Amol},
booktitle = {2013 IEEE 29th International Conference on Data Engineering (ICDE)},
eprint = {1207.5777},
keywords = {graph databases},
mendeley-groups = {Graphs},
mendeley-tags = {graph databases},
pages = {997 -- 1008},
title = {{Efficient Snapshot Retrieval over Historical Graph Data}},
url = {http://arxiv.org/abs/1207.5777},
year = {2013}
}

@inproceedings{Semertzidis2015,
author = {Semertzidis, Konstantinos and others},
booktitle = {EDBT},
doi = {10.5441/002/edbt.2015.12},
isbn = {9783893180677},
keywords = {evolving graphs,historical queries,reachability},
mendeley-groups = {Graphs},
title = {{TimeReach}: Historical Reachability Queries on Evolving Graphs},
year = {2015}
}

@inproceedings{Sricharan2014,
address = {Snowbird, Utah USA},
author = {Sricharan, Kumar and Das, Kamalika},
booktitle = {ACM SIGMOD},
doi = {10.1145/2588555.2612184},
isbn = {9781450323765},
issn = {07308078},
keywords = {anomaly,anomaly localization,commute time distance,detection,graph analysis,random walks,temporal graphs},
title = {{Localizing anomalous changes in time-evolving graphs}},
url = {http://dl.acm.org/citation.cfm?doid=2588555.2612184},
year = {2014}
}

@inproceedings{Kan2009,
address = {Melbourne, Australia},
author = {Kan, Andrey and Chan, Je and Bailey, James and Leckie, Christopher},
booktitle = {AusDM 2009},
keywords = {graph databases},
mendeley-groups = {Graphs},
mendeley-tags = {graph databases},
title = {{A Query Based Approach for Mining Evolving Graphs}},
volume = {101},
year = {2009}
}

@article{Ren2011,
author = {Ren, Chenghui and others},
journal = {PVLDB},
keywords = {graph databases,temporal DB},
mendeley-groups = {Graphs},
mendeley-tags = {graph databases,temporal DB},
number = {11},
title = {{On Querying Historical Evolving Graph Sequences}},
volume = {4},
year = {2011}
}

@inproceedings{Fard2012,
author = {Fard, Arash and Abdolrashidi, Amir and Ramaswamy, Lakshmish and Miller, John},
booktitle = {Proceedings of the 8th IEEE International Conference on Collaborative Computing: Networking, Applications and Worksharing},
doi = {10.4108/icst.collaboratecom.2012.250532},
isbn = {978-1-936968-36-7},
keywords = {ability,big-data,partitioning,pattern matching,reach-,time-evolving graphs},
pages = {567--574},
title = {{Towards Efficient Query Processing on Massive Time-Evolving Graphs}},
url = {http://eudl.eu/doi/10.4108/icst.collaboratecom.2012.250532},
year = {2012}
}

@inproceedings{Yang2007,
address = {Lisboa, Pprtugal},
author = {Yang, Lei and Qi, Lei and Zhao, Yan-ping and Gao, Bin and Liu, Tie-yan},
booktitle = {Proceedings of Conference on Information and Knowledge Management (CIKM)},
isbn = {9781595938039},
keywords = {link,page importance,search engine,temporal information},
mendeley-groups = {Graphs},
pages = {1011--1014},
title = {{Link Analysis using Time Series of Web Graphs}},
year = {2007}
}

@article{Chan2008,
author = {Chan, Jeffrey and Bailey, James and Leckie, Christopher},
doi = {10.1007/s10115-007-0117-z},
isbn = {1011500701},
issn = {02191377},
journal = {Knowledge and Information Systems},
keywords = {Clustering,Correlated spatio-temporal changes,Data mining,Dynamic graph analysis,Event discovery,Evolving graphs,Spatio-temporal analysis},
mendeley-groups = {Graphs},
number = {1},
pages = {53--96},
title = {{Discovering correlated spatio-temporal changes in evolving graphs}},
volume = {16},
year = {2008}
}

@inproceedings{Borgwardt2006,
address = {Hong Kong},
author = {Borgwardt, Karsten M. and Kriegel, Hans Peter and Wackersreuther, Peter},
booktitle = {Proceedings - IEEE International Conference on Data Mining, ICDM},
doi = {10.1109/ICDM.2006.124},
isbn = {0769527019},
issn = {15504786},
mendeley-groups = {Graphs},
pages = {818--822},
title = {{Pattern mining in frequent dynamic subgraphs}},
year = {2006}
}

@inproceedings{Lahiri2008,
author = {Lahiri, M. and Berger-Wolf, T.Y.},
booktitle = {2008 Eighth IEEE International Conference on Data Mining},
doi = {10.1109/ICDM.2008.104},
isbn = {978-0-7695-3502-9},
issn = {1550-4786},
keywords = {pattern mining,social networks},
mendeley-groups = {Graphs},
pages = {373--382},
title = {{Mining Periodic Behavior in Dynamic Social Networks}},
year = {2008}
}

@inproceedings{Lerman2010,
address = {Washington, D.C.},
author = {Lerman, Kristina and Rey, Marina and Ghosh, Rumi and Kang, Jeon Hyung},
booktitle = {Proceedings of the Eighth Workshop on Mining and Learning with Graphs},
keywords = {centrality,dynamic networks,networks},
pages = {70--77},
title = {{Centrality Metric for Dynamic Networks}},
year = {2010}
}

@inproceedings{Huo2014,
location = {Aalborg, Denmark},
author = {Huo, Wenyu and Tsotras, Vassilis J},
booktitle = {Proceedings of the 26th International Conference on Scientific and Statistical Database Management},
series = {SSDBM '14},
isbn = {9781450327220},
keywords = {evolving graph,shortest path,temporal query},
pages = {38:1--38:4},
title = {{Efficient Temporal Shortest Path Queries on Evolving Social Graphs}},
year = {2014},
articleno = {38},
url = {http://doi.acm.org/10.1145/2618243.2618282},
doi = {10.1145/2618243.2618282},
acmid = {2618282},
publisher = {ACM},
address = {New York, NY, USA}
}

@inproceedings{Koloniari2012,
address = {Istanbul, Turkey},
archivePrefix = {arXiv},
arxivId = {arXiv:1302.5549v1},
author = {Koloniari, Georgia and Souravlias, Dimitris and Pitoura, Evaggelia},
booktitle = {Proceedings of 1st Workshop on Online Social Systems (WOSS) 2012, in conjunction with VLDB 2012},
eprint = {arXiv:1302.5549v1},
title = {{On Graph Deltas for Historical Queries}},
year = {2012}
}

@article{Zaki2016,
author = {Zaki, Aya and Attia, Mahmoud and Hegazy, Doaa and Amin, Safaa},
journal = {(IJACSA) International Journal of Advanced Computer Science and Applications},
keywords = {data management,dynamic graphs,evolving,graphs,temporal graphs},
number = {2},
pages = {573--582},
title = {{Comprehensive Survey on Dynamic Graph Models}},
volume = {7},
year = {2016}
}

@article{Miao2015,
archivePrefix = {arXiv},
arxivId = {1005.3014},
author = {Miao, Youshan and others},
doi = {10.1145/0000000.0000000},
eprint = {1005.3014},
isbn = {9781627480031},
issn = {15564681},
journal = {ACM TOS},
keywords = {graph algorithms,temporal graph},
mendeley-groups = {Graphs},
number = {3},
title = {{ImmortalGraph: A System for Storage and Analysis of Temporal Graphs}},
url = {http://arxiv.org/abs/1005.3014},
volume = {11},
year = {2015}
}

@article{Labouseur2015,
author = {Labouseur, Alan G. and others},
doi = {10.1007/s10619-014-7140-3},
issn = {15737578},
journal = {Distrib and Parallel Databases},
keywords = {Big data,Distributed databases,Graphs,Parallel computing,Queries},
number = {4},
pages = {479--514},
publisher = {Springer US},
title = {{The G* graph database: efficiently managing large distributed dynamic graphs}},
url = {http://dx.doi.org/10.1007/s10619-014-7140-3},
volume = {33},
year = {2014}
}

@incollection{DBLP:reference/db/JensenS09k,
  author    = {Christian S. Jensen and
               Richard T. Snodgrass},
  title     = {Temporal Data Models},
  booktitle = {Encyclopedia of Database Systems},
  year      = {2009},
  url       = {http://dx.doi.org/10.1007/978-0-387-39940-9_394},
  doi       = {10.1007/978-0-387-39940-9_394},
  pages     = {2952--2957},
  biburl    = {http://dblp.dagstuhl.de/rec/bib/reference/db/JensenS09k},
  bibsource = {dblp computer science bibliography, http://dblp.org}
}

@article{DBLP:journals/sigmod/KulkarniM12,
  author    = {Krishna G. Kulkarni and
               Jan{-}Eike Michels},
  title     = {Temporal features in {SQL:} 2011},
  journal   = {{ACM SIGMOD} Record},
  volume    = {41},
  number    = {3},
  pages     = {34--43},
  year      = {2012},
  url       = {http://doi.acm.org/10.1145/2380776.2380786},
  doi       = {10.1145/2380776.2380786},
  timestamp = {Sat, 20 Oct 2012 20:57:25 +0200},
  biburl    = {http://dblp.uni-trier.de/rec/bib/journals/sigmod/KulkarniM12},
  bibsource = {dblp computer science bibliography, http://dblp.org}
}

@book{GraphDB,
 title = {Graph databases},
 author = {Ian Robinson and Jim Webber and Emil Eifrem},
 year = {2013},
 publisher = {O'Reilly Media, Inc.}
}

@inproceedings{Jin2007,
author = {Jin, Ruoming and McCallen, S. and Almaas, E.},
booktitle = {Seventh IEEE International Conference on Data Mining (ICDM 2007)},
doi = {10.1109/ICDM.2007.92},
isbn = {978-0-7695-3018-5},
issn = {1550-4786},
pages = {541--546},
title = {{Trend Motif: A Graph Mining Approach for Analysis of Dynamic Complex Networks}},
year = {2007}
}

@inproceedings{Casteigts2011,
archivePrefix = {arXiv},
arxivId = {1012.0009},
author = {Casteigts, Arnaud and Flocchini, Paola and Quattrociocchi, Walter and Santoro, Nicola},
booktitle = {Proceedings of the 10th international conference on Ad-hoc, mobile, and wireless networks},
doi = {10.1007/978-3-642-22450-8_27},
eprint = {1012.0009},
isbn = {978-3-642-22449-2},
keywords = {temporal{\_}networks,time-varying{\_}graphs},
pages = {346--359},
title = {{Time-Varying Graphs and Dynamic Networks}},
url = {http://dx.doi.org/10.1007/978-3-642-22450-8{\_}27},
volume = {6811},
year = {2011}
}

@article{Ferreira2004,
author = {Ferreira, Afonso},
doi = {10.1109/MNET.2004.1337732},
issn = {08908044},
journal = {IEEE Network},
keywords = {and,dynamic networks,encourage the development of,energy aware,evolving graphs,fixed-schedule dynamic net-,graph theo-,manet,reference,retical models,routing,wireless networks},
number = {5},
pages = {24--29},
title = {{Building a reference combinatorial model for MANETs}},
volume = {18},
year = {2004}
}


@article{Wood2012,
author = {Wood, Peter T.},
doi = {10.1145/2206869.2206879},
issn = {01635808},
journal = {ACM SIGMOD Record},
keywords = {graph databases,query languages},
mendeley-groups = {Graphs},
mendeley-tags = {graph databases,query languages},
number = {1},
title = {{Query languages for graph databases}},
url = {http://dl.acm.org/citation.cfm?doid=2206869.2206879},
volume = {41},
year = {2012}
}

@inproceedings{Dignos2012,
author = {Dign{\"{o}}s, Anton and B{\"{o}}hlen, Michael H and Gamper, Johann},
booktitle = {ACM SIGMOD},
isbn = {9781450312479},
keywords = {sequenced semantics,temporal databases},
title = {{Temporal Alignment}},
year = {2012}
}

@inproceedings{DBLP:conf/osdi/GonzalezXDCFS14,
  author    = {Joseph E. Gonzalez and others},
  title     = {{GraphX}: Graph Processing in a Distributed Dataflow Framework},
  booktitle = {OSDI},
  year      = {2014},
  url       = {https://www.usenix.org/conference/osdi14/technical-sessions/presentation/gonzalez},
  timestamp = {Tue, 18 Nov 2014 17:21:14 +0100},
  biburl    = {http://dblp.uni-trier.de/rec/bib/conf/osdi/GonzalezXDCFS14},
  bibsource = {dblp computer science bibliography, http://dblp.org}
}

@inproceedings{DBLP:conf/osdi/GonzalezLGBG12,
author = {Gonzalez, Je and Low, Y and Gu, H},
booktitle = {OSDI},
isbn = {978-1-931971-96-6},
pages = {17--30},
title = {Powergraph: Distributed graph-parallel computation on natural graphs},
url = {https://www.usenix.org/system/files/conference/osdi12/osdi12-final-167.pdf},
year = {2012}
}

@article{DBLP:journals/csur/AggarwalS14,
  author    = {Charu C. Aggarwal and
               Karthik Subbian},
  title     = {Evolutionary Network Analysis},
  journal   = {{ACM} Comput. Surv.},
  volume    = {47},
  number    = {1},
  pages     = {10:1--10:36},
  year      = {2014},
  url       = {http://doi.acm.org/10.1145/2601412},
  doi       = {10.1145/2601412},
  timestamp = {Thu, 07 May 2015 18:17:40 +0200},
  biburl    = {http://dblp.uni-trier.de/rec/bib/journals/csur/AggarwalS14},
  bibsource = {dblp computer science bibliography, http://dblp.org}
}

@article{DBLP:journals/tcsb/BeyerTLSF10,
  author    = {Antje Beyer and
               Peter Thomason and
               Xinzhong Li and
               James Scott and
               Jasmin Fisher},
  title     = {Mechanistic Insights into Metabolic Disturbance during Type-2 Diabetes
               and Obesity Using Qualitative Networks},
  journal   = {T. Comp. Sys. Biology},
  volume    = {12},
  pages     = {146--162},
  year      = {2010},
  url       = {http://dx.doi.org/10.1007/978-3-642-11712-1_4},
  doi       = {10.1007/978-3-642-11712-1_4},
  timestamp = {Tue, 31 Aug 2010 12:50:14 +0200},
  biburl    = {http://dblp.uni-trier.de/rec/bib/journals/tcsb/BeyerTLSF10},
  bibsource = {dblp computer science bibliography, http://dblp.org}
}

@inproceedings{DBLP:conf/vldb/BohlenSS96,
  author    = {Michael H. B{\"{o}}hlen and others},
  title     = {Coalescing in Temporal Databases},
  booktitle = {VLDB},
  year      = {1996},
  url       = {http://www.vldb.org/conf/1996/P180.PDF},
  timestamp = {Mon, 17 Sep 2012 21:48:23 +0200},
  biburl    = {http://dblp.uni-trier.de/rec/bib/conf/vldb/BohlenSS96},
  bibsource = {dblp computer science bibliography, http://dblp.org}
}

@article{Gao2005,
author = {Gao, Dengfeng and others},
doi = {10.1007/s00778-003-0111-3},
issn = {10668888},
journal = {VLDB Journal},
keywords = {Attribute skew,Interval join,Partition join,Sort-merge join,Temporal Cartesian product,Temporal join,Timestamp skew},
mendeley-groups = {DB Various/Temporal DB},
number = {1},
title = {{Join operations in temporal databases}},
volume = {14},
year = {2005}
}

@inproceedings{Li2005,
author = {Li, Jin and others},
booktitle = {ACM SIGMOD},
doi = {http://doi.acm.org/10.1145/1066157.1066193},
isbn = {1-59593-060-4},
issn = {07308078},
title = {{Semantics and evaluation techniques for window aggregates in data streams}},
url = {www.cs.pdx.edu/{~}tufte/papers/WindowAgg.pdf},
year = {2005}
}

@inproceedings{Hsu1995,
annote = {shows how various quantifiers are defined in terms of sets. this means they can be translated to standard sql},
author = {Hsu, Ping-yu and Parker, D Stott},
booktitle = {ICDE},
mendeley-groups = {DB Various},
title = {{Improving SQL with Generalized Quantifiers}},
year = {1995}
}

@incollection{DBLP:reference/db/Bohlen092,
  author    = {Michael H. B{\"{o}}hlen and others},
  title     = {Temporal Compatibility},
  booktitle = {Encyclopedia of Database Systems},
  year      = {2009},
  url       = {http://dx.doi.org/10.1007/978-0-387-39940-9_1059},
  doi       = {10.1007/978-0-387-39940-9_1059},
  timestamp = {Fri, 25 Nov 2011 18:21:34 +0100},

}

@article{Boldi2008,
author = {Boldi, Paolo and Santini, Massimo and Vigna, Sebastiano},
journal = {ACM SIGIR Forum},
number = {2},
pages = {33--38},
title = {{A Large Time-Aware Web Graph}},
volume = {42},
year = {2008}
}

@inproceedings{Cheng2012,
author = {Cheng, Raymond and others},
booktitle = {EuroSys},
doi = {10.1145/2168836.2168846},
file = {:Users/vzaychik/Documents/ReferencePapers/Graphs/p85-cheng.pdf:pdf},
isbn = {9781450312233},
keywords = {distributed,distributed storage,graph databases,graph processing},
mendeley-groups = {Graphs},
mendeley-tags = {distributed,graph databases},
title = {{Kineograph: Taking the pulse of a fast-changing and connected world}},
url = {http://www.raymondcheng.net/download/euro065-cheng.pdf},
year = {2012}
}

@inproceedings{Ediger2012,
author = {Ediger, David and others},
booktitle = {HPEC},
doi = {10.1109/HPEC.2012.6408680},
file = {:Users/vzaychik/Documents/ReferencePapers/Graphs/STINGER-HPEC2012.pdf:pdf},
isbn = {9781467315760},
title = {{STINGER: High performance data structure for streaming graphs}},
year = {2012}
}

@article{allen83,
 author = {JF Allen},
 title = {Maintaining knowledge about temporal intervals},
 journal = {CACM},
 year    = {1983},
 volume = {26},
 number = {11}
}

@article{DBLP:journals/sigmod/Zimanyi06,
  author    = {Esteban Zim{\'{a}}nyi},
  title     = {Temporal aggregates and temporal universal quantification in standard
               {SQL}},
  journal   = {{SIGMOD} Record},
  volume    = {35},
  number    = {2},
  pages     = {16--21},
  year      = {2006},
  url       = {http://doi.acm.org/10.1145/1147376.1147379},
  doi       = {10.1145/1147376.1147379},
  timestamp = {Wed, 19 Sep 2012 09:16:25 +0200},
  biburl    = {http://dblp.uni-trier.de/rec/bib/journals/sigmod/Zimanyi06},
  bibsource = {dblp computer science bibliography, http://dblp.org}
}

@inproceedings{DBLP:conf/sigmod/MalewiczABDHLC10,
  author    = {Grzegorz Malewicz and
               Matthew H. Austern and
               Aart J. C. Bik and
               James C. Dehnert and
               Ilan Horn and
               Naty Leiser and
               Grzegorz Czajkowski},
  title     = {Pregel: a system for large-scale graph processing},
  booktitle = {{ACM} {SIGMOD}},
  pages     = {135--146},
  year      = {2010},
  url       = {http://doi.acm.org/10.1145/1807167.1807184},
  doi       = {10.1145/1807167.1807184},
  timestamp = {Mon, 07 Jun 2010 08:03:40 +0200},
  biburl    = {http://dblp.uni-trier.de/rec/bib/conf/sigmod/MalewiczABDHLC10},
  bibsource = {dblp computer science bibliography, http://dblp.org}
}

@inproceedings{MoffittTempWeb16,
   author = {{Moffitt}, V. Z. and {Stoyanovich}, J.},
   title = {Towards a distributed infrastructure for evolving graph analytics},
   booktitle = {TempWeb},
   year = 2016
}

@inproceedings{MoffittEDBT17,
   author = {{Moffitt}, V. Z. and {Stoyanovich}, J.},
      title = "{Towards sequenced semantics for evolving graphs}",
         booktitle = {EDBT},
	    year = 2017
	    }
	    
@inproceedings{Gabielkov:2014:SSN:2591971.2591985,
 author = {Gabielkov, Maksym and others},
 title = {Studying Social Networks at Scale: Macroscopic Anatomy of the Twitter Social Graph},
 booktitle = {SIGMETRICS},
 year = {2014},
 isbn = {978-1-4503-2789-3},
 location = {Austin, Texas, USA},
 numpages = {12},
 url = {http://doi.acm.org/10.1145/2591971.2591985},
 doi = {10.1145/2591971.2591985},
 acmid = {2591985},
 keywords = {data mining, graph structure, social networks, twitter},
}

@inproceedings{Amer-Yahia2009,
author = {Amer-Yahia, Sihem and Lakshmanan, Laks and Yu, Cong},
booktitle = {CIDR},
title = {{SocialScope}: Enabling Information Discovery on Social Content Sites},
year = {2009}
}

@incollection{DBLP:reference/db/Toman09,
  author    = {David Toman},
  title     = {Point-Stamped Temporal Models},
  booktitle = {Encyclopedia of Database Systems},
  pages     = {2119--2123},
  year      = {2009}
}

@inproceedings{DBLP:conf/ictl/Chomicki94,
  author    = {Jan Chomicki},
  title     = {Temporal Query Languages: {A} Survey},
  booktitle = {Temporal Logic, First International Conference, {ICTL} '94, Bonn,
               Germany, July 11-14, 1994, Proceedings},
  pages     = {506--534},
  year      = {1994},
  url       = {http://dx.doi.org/10.1007/BFb0014006},
  doi       = {10.1007/BFb0014006},
  timestamp = {Tue, 14 Jun 2011 20:33:48 +0200},
  biburl    = {http://dblp.uni-trier.de/rec/bib/conf/ictl/Chomicki94},
  bibsource = {dblp computer science bibliography, http://dblp.org}
}

@inproceedings{DBLP:conf/sigmod/SunFSKHX15,
  author    = {Wen Sun and others},
  title     = {{SQLGraph}: An Efficient Relational-Based Property Graph Store},
  booktitle = {ACM SIGMOD},
  year      = {2015}
}

@inproceedings{DBLP:conf/sigmod/AbergerTOR16,
  author    = {Christopher R. Aberger and others},
  title     = {{EmptyHeaded}: {A} Relational Engine for Graph Processing},
  booktitle = {ACM SIGMOD},
  year      = {2016}
}

@inproceedings{DBLP:conf/pakdd/SrihariCP10,
  author    = {Sriganesh Srihari and
               Shruti Chandrashekar and
               Srinivasan Parthasarathy},
  title     = {A Framework for SQL-Based Mining of Large Graphs on Relational Databases},
  booktitle = {Advances in Knowledge Discovery and Data Mining, 14th Pacific-Asia
               Conference, {PAKDD} 2010, Hyderabad, India, June 21-24, 2010. Proceedings.
               Part {II}},
  pages     = {160--167},
  year      = {2010}
}

@article{DBLP:journals/pvldb/Xirogiannopoulos15,
  author    = {Konstantinos Xirogiannopoulos and others},
  title     = {{GraphGen}: Exploring Interesting Graphs in Relational Data},
  journal   = {{PVLDB}},
  volume    = {8},
  number    = {12},
  year      = {2015}
}

@incollection{DBLP:reference/db/ChomickiT09b,
  author    = {Jan Chomicki and
               David Toman},
  title     = {Temporal Relational Calculus},
  booktitle = {Encyclopedia of Database Systems},
  pages     = {3015--3016},
  year      = {2009}
}

@inproceedings{He2008,
author = {He, Huahai and Singh, Ambuj K.},
booktitle = {Proceedings of the 28th International Conference on Management of Data, SIGMOD},
doi = {10.1145/1376616.1376660},
isbn = {9781605581026},
issn = {07308078},
pages = {405--417},
title = {{Graphs-at-a-time : Query Language and Access Methods for Graph Databases Categories and Subject Descriptors}},
year = {2008}
}

@inproceedings{DBLP:conf/time/BohlenGJ06,
  author    = {Michael H. B{\"{o}}hlen and
               Johann Gamper and
               Christian S. Jensen},
  title     = {How Would You Like to Aggregate Your Temporal Data?},
  booktitle = {TIME},
 year = {2006}

}

@article{George2006,
author = {George, Betsy and Shekhar, Shashi},
doi = {10.1007/978-3-540-92148-6_7},
journal = {Journal on Data Semantics},
mendeley-groups = {Graphs},
pages = {191--212},
title = {{Time-aggregated graphs for modeling spatio-temporal networks}},
volume = {11},
year = {2006}
}

@article{George2009,
author = {George, Betsy and Kang, James M and Shekhar, Shashi},
journal = {Intelligent Data Analysis},
keywords = {graph databases,temporal DB},
mendeley-groups = {Graphs},
mendeley-tags = {graph databases,temporal DB},
number = {3},
pages = {457--475},
title = {{Spatio-Temporal Sensor Graphs (STSG): A Data Model for the Discovery of Spatio-Temporal Patterns}},
volume = {13},
year = {2009}
}

@inproceedings{Khurana2016,
address = {Bordeaux, France},
annote = {small datasets},
archivePrefix = {arXiv},
arxivId = {1509.08960},
author = {Khurana, Udayan and Deshpande, Amol},
booktitle = {Proceedings of the 19th International Conference on Extending Database Technology, EDBT'16},
eprint = {1509.08960},
pages = {65--76},
title = {{Storing and Analyzing Historical Graph Data at Scale}},
url = {http://arxiv.org/abs/1509.08960},
year = {2016}
}

@ARTICLE{PortalarXiv2016,
   author = {{Moffitt}, V. Z. and {Stoyanovich}, J.},
   title = "{Querying Evolving Graphs with Portal}",
   archivePrefix = "arXiv",
   eprint = {1602.00773},
   arxivId = {1602.00773},
   url = {http://arxiv.org/abs/1602.00773},
 primaryClass = "cs.DB",
 keywords = {Computer Science - Databases, Computer Science - Distributed, Parallel, and Cluster Computing},
     year = 2016,
    month = Dec,
   note = {arXiv:1602.00773}
}

@misc{DBLP,
  title = {{DBLP}, Computer Science Bibliography},
  howpublished = "\url{http://dblp.uni-trier.de/}",
  note = "[Online; accessed 14-November-2015]"
}

@misc{arxiv,
  title = {arXiv.org},
  howpublished = "\url{http://arxiv.org/}",
  note = "[Online; accessed 07-January-2016]"
}

@inproceedings{Armbrust2015,
author = {Armbrust, Michael and others},
booktitle = {SIGMOD},
isbn = {9781450327589},
title = {{Spark SQL : Relational Data Processing in Spark}},
year = {2015}
}
